<record><leader>00000cas a22000007a 4500</leader><controlfield tag="001">13224050</controlfield><controlfield tag="008">860303d19241978wiuwr ne      0    0eng d</controlfield><datafield ind1=" " ind2=" " tag="010"><subfield code="a">sn 86086340 </subfield></datafield><datafield ind1=" " ind2=" " tag="040"><subfield code="a">NPV</subfield><subfield code="b">eng</subfield><subfield code="c">NPV</subfield><subfield code="d">OCLCQ</subfield></datafield><datafield ind1=" " ind2=" " tag="042"><subfield code="a">msc</subfield></datafield><datafield ind1=" " ind2=" " tag="045"><subfield code="a">x2x7</subfield></datafield><datafield ind1=" " ind2=" " tag="052"><subfield code="a">4123</subfield><subfield code="b">S2</subfield></datafield><datafield ind1="0" ind2=" " tag="130"><subfield code="a">New Richmond news (New Richmond, Wis. : 1924)</subfield></datafield><datafield ind1="1" ind2="0" tag="245"><subfield code="a">New Richmond news.</subfield></datafield><datafield ind1=" " ind2=" " tag="260"><subfield code="a">New Richmond, Wis. :</subfield><subfield code="b">Van Meter Printing,</subfield><subfield code="c">1924-1978.</subfield></datafield><datafield ind1=" " ind2=" " tag="300"><subfield code="a">55 v. :</subfield><subfield code="b">ill.</subfield></datafield><datafield ind1=" " ind2=" " tag="310"><subfield code="a">Weekly</subfield></datafield><datafield ind1=" " ind2=" " tag="321"><subfield code="a">Semiweekly,</subfield><subfield code="b">May 3, 1924-Nov. 25, 1942</subfield></datafield><datafield ind1="0" ind2=" " tag="362"><subfield code="a">Vol. 55, no. 34 (May 3, 1924)-v. 109, no. 22 (Feb. 2, 1978).</subfield></datafield><datafield ind1=" " ind2=" " tag="500"><subfield code="a">Publisher varies.</subfield></datafield><datafield ind1=" " ind2=" " tag="500"><subfield code="a">Editors: F.A.R. Van Meter, May 3, 1924-Dec. 30, 1933; J.A. Van Meter, May 30, 1946-Feb. 23, 1956; G. Cooper, Dec. 5, 1968-Aug. 13, 1970; M. McGowan, Nov. 5, 1970-April 8, 1972; R.L. Bradford, Jan. 6, 1972-Sept. 29, 1977.</subfield></datafield><datafield ind1=" " ind2=" " tag="530"><subfield code="a">Available on microfilm from The State Historical Society of Wisconsin.</subfield></datafield><datafield ind1=" " ind2=" " tag="752"><subfield code="a">United States</subfield><subfield code="b">Wisconsin</subfield><subfield code="c">Saint Croix</subfield><subfield code="d">New Richmond.</subfield></datafield><datafield ind1="0" ind2="0" tag="780"><subfield code="t">New Richmond news and republican-voice</subfield><subfield code="w">(DLC)sn 86086339</subfield></datafield><datafield ind1="0" ind2="5" tag="780"><subfield code="t">Leader (New Richmond, Wis.)</subfield><subfield code="w">(DLC)sn 85040957</subfield></datafield><datafield ind1="0" ind2="0" tag="785"><subfield code="t">News (New Richmond, Wis.)</subfield><subfield code="w">(DLC)sn 86086341</subfield></datafield><datafield ind1="1" ind2=" " tag="029"><subfield code="a">AU@</subfield><subfield code="b">000025827246</subfield></datafield></record>